<?xml version="1.0" encoding="UTF-8"?><collection xmlns="http://www.loc.gov/MARC21/slim"><record><leader>00413nam--2200145-i-4500</leader><controlfield tag="001">000024993</controlfield><controlfield tag="002">20161230</controlfield><controlfield tag="005">20161230201035</controlfield><controlfield tag="008">060222s1000------------r-----000-0-eng-d</controlfield><datafield ind1=" " ind2=" " tag="080"><subfield code="a">341.217(4):576.8</subfield></datafield><datafield ind1=" " ind2=" " tag="100"><subfield code="a">K. A. Mooijman /S.A.</subfield></datafield><datafield ind1=" " ind2=" " tag="245"><subfield code="a">Development of microbiological referencce mate rials</subfield></datafield><datafield ind1=" " ind2=" " tag="260"><subfield code="a">Luxembourg, Commission Of The European Communi Ties, 1992</subfield></datafield><datafield ind1=" " ind2=" " tag="490"><subfield code="a">Eur 14375 En</subfield></datafield><datafield ind1=" " ind2=" " tag="852"><subfield code="a">80184</subfield></datafield></record></collection>